
@MISC{drag,
    author = "misc",
    url = {https://en.wikipedia.org/wiki/Drag_(physics)}
}


@MISC{fismg,
    author = "misc",
    url = {https://en.wikipedia.org/wiki/Gravity_of_Earth}
}

@MISC{deltap,
    author = "misc",
    url = {https://en.wikipedia.org/wiki/Pressure}
}

@MISC{orifice,
    author = "misc",
    url = {https://en.wikipedia.org/wiki/Orifice_plate}
}

