
@MISC{De_Volkskrant,
    author = "De Volkskrant",
    url = {https://canvas.hu.nl/courses/39773/pages/4-ai}
}


@MISC{Filosofie,
    author = "Filosofie",
    url = {https://www.filosofie.nl/lexicon/deugdethiek/}
}

@MISC{cm,
    author = "cm",
    url = {https://www.cm.com/nl-nl/glossary/wat-is-ai-chatbot/}
}

